<?xml version="1.0" encoding="UTF-8"?><collection xmlns="http://www.loc.gov/MARC21/slim"><record><leader>00370nam--2200145-i-4500</leader><controlfield tag="001">000037862</controlfield><controlfield tag="002">20161230</controlfield><controlfield tag="005">20161230201041</controlfield><controlfield tag="008">060222s1000------------r-----000-0-eng-d</controlfield><datafield ind1=" " ind2=" " tag="080"><subfield code="a">515.14</subfield></datafield><datafield ind1=" " ind2=" " tag="100"><subfield code="a">Radu,Alexandru Gh</subfield></datafield><datafield ind1=" " ind2=" " tag="245"><subfield code="a">TEORIA TOPOSURILOR. Vol. II</subfield></datafield><datafield ind1=" " ind2=" " tag="260"><subfield code="a">Bucuresti, Ed.Acad.Rsr,1981. 316 P</subfield></datafield><datafield ind1=" " ind2=" " tag="852"><subfield code="a">48811</subfield><subfield code="c">515/516</subfield></datafield><datafield ind1=" " ind2=" " tag="CAT"><subfield code="a">Sys</subfield><subfield code="c">20080613</subfield><subfield code="h">103007</subfield></datafield></record></collection>